@book{matthew2007beginning,
  title={Beginning Linux Programming},
  author={Matthew, N. and Stones, R.},
  isbn={9780470249130},
  series={Programmer to programmer},
  year={2007},
  publisher={Wiley}
}

@Misc{mandelbrotsetweb,
  title={Mandelbrot set},
  author={Arnaud Cheritat},
  howpublished= {\url{https://www.math.univ-toulouse.fr/~cheritat/wiki-draw/index.php-Mandelbrot_set#cite_note-3}},
  note= {Accessed on February 25 2014},
  }

@Misc{wikimandelbrot,
   author={Wikipedia},
   howpublished={\url{https://en.wikipedia.org/wiki/Mandelbrot_set}},
   }
